@article{Light,
  title = {Light and Prisms },
  author = {Editors of Encyclopaedia},
  year = {2020},
  month = {January},
  publisher = {Encyclopedia Britannica.},
  url = {https://www.britannica.com/technology/prism-optics}
}
